2964 4958
631 352 850 425 ..2ὓή

168 571 471 638 commemoratione
500 573 595 652 digna
625 579 672 637 est
704 558 836 638 locutio':
870 572 948 635 οὕτω
974 576 1035 661 ἔχει
1059 593 1107 660 μοι
1130 592 1202 638 cum
1226 589 1313 652 gen:

169 688 223 752 Vll
250 689 321 769 188,
349 688 477 752 11-13
500 688 560 750 ὅσοι
583 687 635 775 μέν
658 711 706 749 νυν
731 691 829 750 αὐτῶν
852 685 1009 776 αὐξόμενον
1034 689 1149 776 ἔμαθον
1171 689 1223 751 τὸν
1247 691 1311 751 ἄνε-

169 826 231 890 μον,
264 805 329 865 κκὶ
350 813 454 866 τοῖσι
477 803 577 865 οὕτω
601 799 686 890 εἶχε
710 804 886 892 ὅρμουῙ),
918 809 944 866 οἱ
967 793 993 866 δ’
1018 803 1153 891 ἔφθησαν
1176 803 1228 866 τὰν
1252 826 1314 890 χει-

167 929 250 1006 μῶνυι
281 917 500 991 ἀνασπάσαντες
529 918 583 991 τοὶς
613 917 678 992 νέκς
708 922 776 982 κτλ.
806 921 938 1001 »quibus
969 920 1041 984 talis
1072 926 1141 984 erat
1169 920 1313 984 condicio

174 1034 319 1099 stationis
342 1035 497 1100 navalis«.

275 1149 355 1214 Cum
378 1151 529 1228 subiecto,
562 1151 586 1214 ll
610 1150 662 1231 26,
686 1151 706 1213 8
730 1155 755 1213 εἰ
776 1158 874 1213 ταῦτα
897 1150 976 1213 οὕτω
1000 1146 1072 1238 εἶχε,
1109 1149 1185 1224 138,
1210 1151 1254 1214 20
1276 1150 1312 1212 τὰ

167 1263 219 1350 μὲν
243 1254 279 1353 δὴ
304 1265 360 1352 tadu
382 1274 471 1328 τοῦτο
494 1265 572 1327 οὕτω
598 1271 676 1353 ἔχει,
708 1267 745 1330 lll
769 1267 829 1347 70,
862 1269 883 1330 4
915 1265 1087 1330 ὑπώπτευον
1118 1265 1196 1328 οὕτω
1219 1273 1310 1327 τοῦτο

169 1385 255 1468 ἔχειν,
284 1381 355 1463 155,
380 1381 423 1444 20
438 1381 537 1453 πείσας
553 1380 641 1468 σφέας
663 1390 761 1443 ταῦτα
785 1386 859 1461 ἔχειν
882 1381 971 1461 οὕτω,
996 1381 1035 1445 cf.
1052 1381 1093 1445 lV
1108 1381 1162 1467 58,
1180 1382 1210 1445 5.
1236 1379 1311 1461 154,

168 1496 218 1560 10.
246 1497 317 1577 187,
344 1496 371 1559 1.
396 1495 425 1560 V
451 1497 500 1579 13,
531 1498 576 1561 15.
603 1496 643 1560 Vl
666 1496 717 1576 31,
745 1497 772 1560 1.
801 1496 872 1579 119,
897 1496 1027 1563 22.th
1053 1497 1125 1578 133,
1152 1497 1179 1560 1.

235 1759 254 1828 ¹)
274 1759 321 1814 Vll
341 1758 393 1812 188
412 1759 471 1808 τοῖοι
490 1758 553 1808 οὕτω
573 1751 622 1827 εἶχε
641 1755 734 1827 ὅρμουῙ.
758 1755 854 1828 Ὅρμου
873 1775 933 1826 gen.
954 1758 1103 1825 relationis,
1124 1774 1206 1825 quem
1226 1773 1312 1826 saepe

276 1854 349 1924 apud
368 1853 538 1908 Herodotum
558 1854 716 1910 adsciscunt
735 1856 889 1909 locutiones
908 1854 949 1923 ὡς,
968 1849 1000 1922 εὖ,
1019 1855 1106 1922 καλῶς,
1132 1853 1230 1925 μετρίως
1249 1853 1311 1925 ἔχειν

274 1953 319 2005 vel
337 1951 405 2017 ἥκειν.
426 1952 502 2020 Quae
520 1953 672 2006 enuntiatio
685 1953 808 2007 insolens
822 1953 933 2021 quidem
953 1959 1002 2018 est,
1022 1953 1145 2020 alloquin
1164 1953 1239 2006 enim
1258 1953 1313 2007 He-

274 2049 388 2104 rodotus
408 2053 566 2104 constanter
589 2047 649 2119 ἔχειν
672 2067 771 2105 vocem
790 2067 853 2105 cum
873 2051 935 2104 adv.
957 2055 983 2105 et
1002 2067 1063 2119 gen.
1082 2051 1159 2104 relat.
1180 2067 1312 2119 persona·

273 2147 335 2201 liter
354 2134 507 2216 usurpavit,
524 2147 601 2200 velut
619 2147 654 2200 IX
673 2147 716 2207 59,
735 2148 752 2200 9
771 2145 804 2207 ὡς
816 2149 896 2198 ποδῶν
910 2146 1003 2198 ἕκαστοι
1022 2143 1086 2218 εἶχον
1104 2148 1223 2216 aliaque,
1245 2164 1309 2202 cum

272 2249 367 2298 tamen
385 2244 448 2299 talis
468 2244 504 2297 sit
522 2244 657 2297 memoria
676 2243 763 2310 codd,
782 2227 917 2313 integram
936 2262 998 2307 eam
1018 2245 1169 2299 editoribus
1193 2262 1310 2299 consen·

273 2342 372 2396 tientes
391 2342 549 2395 rennemus.
587 2341 690 2395 Eodem
715 2342 798 2396 modo
823 2347 1000 2411 comparatus
1025 2343 1239 2411 tractandusque
1266 2349 1308 2399 est

271 2440 350 2493 locus
376 2438 598 2507 Thucydidis
624 2439 729 2506 111Ι57,
757 2439 771 2492 1
796 2437 829 2500 ὡς
847 2437 953 2501 ἑκάστοις
971 2443 1012 2506 τῆς
1031 2439 1150 2511 ξυντυχίας
1168 2441 1183 2506 ἢ
1201 2439 1262 2492 κατὰ
1282 2439 1309 2492 :b

271 2535 385 2607 ξυμφέρον
403 2537 418 2601 ἢ
436 2534 526 2608 ἀνάγκῃ
551 2533 627 2606 ἔσμεν.
657 2535 781 2597 Ἑκάοτοις
800 2543 826 2591 et
844 2535 914 2607 ἔσχεν
932 2538 1035 2592 habent
1054 2554 1151 2592 omues
1171 2538 1233 2592 libri
1253 2555 1310 2592 me·

271 2634 347 2688 lioris
371 2640 465 2701 notae,
490 2635 545 2688 nisi
564 2634 637 2701 quod
660 2635 689 2687 in
714 2635 848 2691 Vaticano
873 2635 913 2706 (Β)
938 2641 1006 2690 teste
1031 2636 1154 2690 Bekkero
1174 2635 1229 2690 dat.
1258 2632 1309 2687 ἑκά-

272 2750 336 2791 στοις
363 2731 502 2786 seoundae
530 2732 625 2785 manui
655 2732 770 2787 debetur
798 2733 846 2801 (pr.
871 2750 907 2786 m.
936 2731 1038 2803 ἕκαστοι)
1065 2733 1168 2802 [Stahk
1197 2730 1306 2792 ἔκαστοις

274 2829 337 2900 (sec.
358 2845 393 2883 m.
414 2829 517 2896 ἕκαστοι)
535 2829 575 2899 Β]
615 2830 759 2884 Lectiones
778 2827 875 2901 ἀνάγκη,
902 2828 1011 2901 ἀνάγκης,
1037 2827 1139 2901 ἀνάγκην
1157 2831 1226 2884 meri
1245 2836 1311 2885 sunt

271 2944 386 2981 errores.
426 2928 464 2982 Cf.
485 2928 576 2990 Stahl,
603 2926 644 2980 ed.
664 2928 696 2994 ΙΙ,
716 2944 776 2996 pag.
796 2928 882 2981 XXIII
903 2934 929 2982 et
948 2929 1010 2982 adn.
1030 2929 1155 2983 Boehmii
1174 2928 1203 2982 in
1222 2928 1264 2981 ed.
1284 2944 1310 2983 a.

273 3024 353 3079 1875.
382 3026 439 3080 Nec
459 3025 529 3080 Ievis
548 3031 590 3079 est
609 3026 742 3079 momenti
761 3026 904 3080 adnotatio
924 3027 1103 3081 scholiastae:
1123 3029 1164 3092 τῆς
1182 3024 1310 3096 ξυντυχάις·

166 3124 168 3128 ’
272 3120 328 3174 ἀλλ’
347 3121 380 3184 ὡς
398 3121 504 3184 ἑκάστοις
523 3122 596 3194 (φησὶ)
616 3123 738 3194 συνέτυχεν
756 3121 821 3191 act,
846 3124 919 3177 unde
939 3129 1026 3192 patet,
1053 3125 1127 3177 hunc
1151 3140 1261 3191 quoque
1281 3124 1310 3176 in

272 3237 323 3274 suo
342 3221 413 3277 libro
432 3221 531 3289 legisse
550 3220 583 3282 ὡς
601 3219 706 3282 ἑκάστοις
725 3226 765 3288 τῆς
784 3220 904 3292 ξυντοχίας
924 3248 951 3264 ω
970 3219 1044 3292 ἔσχεν,
1065 3222 1186 3275 Tuemur
1204 3221 1308 3287 itaque,

272 3318 343 3372 sicut
362 3319 467 3373 faciunt
485 3318 598 3383 Bekker,
618 3319 750 3372 Kuehner
768 3320 784 3388 ἓ
803 3320 864 3386 119,
884 3321 901 3373 5
921 3320 1073 3388 partimque
1093 3318 1223 3384 Boehme,
1244 3334 1308 3371 con·

273 3416 451 3470 structionem
465 3415 671 3484 Thucydideam
685 3417 808 3471 subiecto
822 3423 970 3481 carentem,
990 3416 1063 3470 ducti
1082 3417 1202 3470 maxime
1215 3420 1310 3470 aucto-

272 3514 352 3568 ritate
372 3513 450 3568 codd.
471 3513 653 3583 analogiaque
671 3514 725 3567 loci
744 3514 900 3581 Herodotei,
920 3515 984 3568 licet
1002 3518 1032 3567 ut
1051 3514 1159 3577 Herod,
1179 3514 1217 3568 ita
1235 3514 1307 3567 Thu-

272 3610 331 3678 cyd.
352 3611 421 3665 alias
442 3611 556 3664 verbum
575 3608 636 3680 ἔχειν
654 3628 718 3665 cum
737 3611 799 3664 adv.
819 3617 846 3667 et
865 3629 927 3680 gen.
946 3612 1023 3665 relat.
1044 3610 1225 3680 personaliter
1244 3626 1308 3664 con-

272 3714 371 3764 struat:
393 3710 416 3763 II
435 3710 477 3776 90,
496 3709 521 3762 1.
541 3709 574 3764 VI
593 3709 636 3771 97,
655 3710 680 3761 3.
701 3709 733 3763 cf.
754 3711 765 3762 Ι
785 3710 827 3775 22,
847 3711 865 3762 3
893 3710 977 3776 stam,
998 3709 1121 3776 Classen,
1141 3708 1308 3762 Herwerden

271 3807 299 3860 in
319 3811 393 3860 textu
414 3811 596 3875 reposuerunt
620 3804 653 3866 ὡς
672 3805 766 3858 ἕκαστοι
785 3834 811 3850 Ν
830 3804 902 3876 ἔογον
920 3807 962 3873 id,
991 3806 1140 3874 quodiam
1159 3805 1308 3858 Heilmann

271 3910 297 3958 et
316 3903 437 3957 Boehme
457 3910 658 3973 proposuerant
677 3904 734 3973 (alii
754 3904 847 3973 legunt
865 3903 898 3965 ὡς
917 3903 1014 3965 ἕκαστος
1032 3931 1058 3948 ω
1078 3901 1162 3973 ἔσχεν).
1188 3902 1308 3956 Paralle·

272 4002 328 4055 lam
348 4001 516 4054 locutionem
536 4001 692 4054 InvenImus
712 4002 787 4071 apud
805 4002 929 4070 Xenoph.
950 4001 1012 4056 Oec.
1033 4003 1058 4064 2,
1079 4002 1113 4055 12
1138 4001 1201 4051 otae
1221 3997 1249 4065 δὴ
1268 3997 1308 4049 καὶ

271 4097 323 4169 ἐμοὶ
335 4096 384 4169 ἔχει
396 4097 448 4170 περὶ
462 4103 503 4165 τῆς
516 4097 658 4169 οἰκονομίας,
677 4100 725 4154 ubi
744 4098 795 4170 περί
814 4117 877 4154 cum
896 4117 956 4169 gen.
968 4099 1043 4153 nudo
1062 4115 1122 4167 gen.
1142 4096 1305 4167 (relationis)

271 4197 426 4266 respondet.
464 4197 532 4252 Cum
552 4198 596 4251 his
622 4199 872 4253 constructionibus
892 4197 1040 4252 cohaerent
1058 4201 1131 4262 arte,
1157 4195 1187 4248 ln
1205 4193 1306 4261 quibus

271 4311 344 4349 nunc
364 4293 518 4361 offenditur,
544 4295 718 4364 Aeschyli
736 4295 822 4348 verba
841 4295 869 4348 in
888 4295 983 4364 Agam.
1003 4293 1055 4348 917
1074 4293 1164 4345 τούτων
1182 4288 1223 4363 μὲν
1241 4291 1305 4342 οὕτω
