2918 4958
614 230 836 295 ..12..

261 443 295 524 a)
325 443 399 508 Sine
421 444 570 506 subiecto.
617 444 771 513 Persona,
797 461 880 523 quae
903 446 1013 522 curat,
1037 441 1165 523 ponitur
1187 441 1221 503 in
1247 440 1306 504 da-

154 559 235 636 tivo;
260 559 420 622 notionem
444 558 520 638 eius,
544 557 670 638 dequo
693 577 772 622 cura
795 557 973 638 adhibetur,
998 557 1117 622 indicat
1140 554 1173 640 σι)
1198 561 1305 635 genet.

154 673 186 757 β)
208 674 273 761 περί
295 693 368 737 cum
391 679 490 751 genet.

261 789 293 871 α)
340 789 379 852 VI
405 790 455 868 19,
483 789 521 853 11
546 798 616 876 νηοῦ
640 779 665 851 δ’
684 788 829 876 ήμετέρου
852 777 987 875 Διδύμοις
1004 786 1074 872 (τὲ
1112 784 1162 871 Δ.)
1187 784 1307 850 ἄλλοισι

159 901 280 992 μελήσει
304 904 479 985 (oraculum
503 903 634 985 Delph.).
664 905 694 984 β)
718 905 759 968 VI
785 905 857 985 101,
881 905 900 966 8
925 906 951 966 εἰ’
972 927 1030 975 κως
1046 892 1078 965 δὲ
1094 892 1307 989 διαφυλάξαιεν

154 1021 195 1082 τὰ
217 1021 328 1099 τείχεα,
353 1019 460 1082 τούτου
483 1041 531 1107 σρι
554 1018 617 1105 πέρι
641 1023 744 1106 ἔμελε,
778 1019 845 1083 VIII
869 1019 920 1100 65,
954 1020 998 1084 30
1020 1020 1083 1105 περὶ
1107 1008 1147 1080 δὲ·
1164 1026 1307 1105 στρατιῆς

153 1126 245 1223 τῆσδε
268 1135 364 1199 θεοῖσι
387 1132 515 1222 μελήσει,
539 1135 605 1199 VIII
632 1136 680 1208 19,
708 1136 748 1199 13
772 1126 893 1222 κομιδῆς
910 1125 943 1197 δὲ
958 1134 1020 1222 πέρι
1039 1131 1094 1220 τήν
1117 1133 1194 1220 ὥρην
1219 1136 1305 1214 αὐτῷ

157 1249 293 1338 μελήσειν
306 1250 341 1334 1),
367 1253 444 1314 ὥστε
467 1250 579 1323 ἀσινέας
603 1248 765 1312 ἀπικέσθαι
789 1251 816 1323 ἐς
839 1248 893 1337 τήν
918 1239 1060 1350 Ἑλλᾴδα.

261 1366 292 1449 b)
337 1368 605 1448 Impersonaliter3
639 1368 771 1431 subiecti
794 1368 863 1431 vice
886 1366 1024 1444 fungitur
1052 1364 1085 1449 α)
1109 1365 1238 1446 lubuit,
1273 1364 1306 1449 β)

155 1483 354 1548 enuntIatum
377 1483 609 1546 secundarium.

262 1596 293 1679 α)
318 1596 347 1660 V
370 1598 422 1675 98,
451 1598 580 1661 12-14
604 1602 669 1683 ὑμῖν
692 1596 812 1684 παρέχει
837 1596 989 1679 σώζεσθαι
1012 1597 1059 1658 ἐπὶ
1080 1592 1135 1682 τήν
1158 1595 1306 1684 ὑμετέρην

155 1716 262 1775 αὐτῶν·
296 1711 379 1798 μέχρι
402 1710 453 1798 μὲν
476 1710 633 1799 θαλάσσης
656 1715 767 1774 αὐτοῖσι
791 1717 869 1798 ὑμῖν,
903 1712 938 1774 τὸ
962 1701 995 1773 δὲ
1019 1711 1077 1773 ἀπὸ
1099 1710 1209 1773 τούτου
1233 1714 1305 1799 ἡμῖν

154 1818 210 1916 ήδη
235 1824 354 1915 μελήσει
378 1826 434 1911 (sc.
459 1827 547 1914 ὑμέας
571 1827 733 1911 σώζεσθαι)
747 1828 783 1912 2),
809 1829 874 1891 VIII
899 1830 941 1892 68
960 1829 994 1909 β,
1021 1827 1061 1892 12
1085 1816 1153 1890 οὐδέ
1177 1847 1227 1914 σφι
1252 1851 1306 1915 με·

155 1942 238 2032 λήσει
259 1943 313 2031 πρὸ
336 1949 395 2005 τῶν
420 1940 573 2031 Ἀθηνέων
597 1944 779 2030 ναυμαχέειν.

159 2121 240 2128 ----.Δ
263 2123 364 2128 --.---

222 2223 240 2291 ¹)
259 2223 317 2277 VIII
336 2222 378 2285 19,
399 2222 441 2275 13.
474 2222 626 2275 Statuimus
646 2221 699 2274 hoc
723 2222 784 2274 loco
804 2220 880 2291 μέλειν
899 2222 960 2274 sine
980 2222 1103 2275 subiecto
1122 2228 1301 2290 usurpatum.

261 2320 363 2389 Κομιδῆς
388 2321 409 2370 δ.
429 2336 453 2369 π.
474 2318 574 2388 pendet
593 2319 628 2372 ab
654 2318 701 2370 ins.
721 2317 836 2388 μελήσειν,
861 2316 901 2383 τήν
920 2319 983 2388 ὥρην
1001 2319 1113 2372 adverb.
1127 2347 1153 2366 =
1167 2322 1301 2390 temperi;
1364 2333 1366 2336 '

262 2435 288 2471 v.
308 2416 436 2471 Herodot.
456 2418 478 2470 II
498 2418 527 2482 2,
555 2417 588 2469 12
608 2415 649 2482 τήν
667 2416 730 2485 ὥρην
751 2413 874 2485 ἐπαγινέειν
900 2434 940 2485 σφι
958 2411 1025 2486 αἶγας
1045 2415 1094 2486 (rbi
1112 2416 1228 2489 ποιμένα),
1256 2419 1304 2473 VII

262 2515 304 2580 50,
324 2515 359 2567 22
378 2514 441 2584 ὥρην
454 2532 479 2565 τε
497 2518 539 2565 τοῦ
558 2511 621 2573 ἔτεος
639 2512 767 2580 καλλίστην
785 2512 947 2583 πορευόμεθα,
967 2514 1007 2581 τήν
1025 2512 1113 2583 ὡραίην
1132 2515 1174 2578 IV,
1195 2516 1237 2579 28,
1259 2516 1303 2569 12.

262 2610 389 2678 Xenoph.
410 2609 471 2664 Oec.
494 2611 536 2673 17,
562 2612 576 2663 1
597 2610 638 2677 τὴν
663 2610 726 2680 ὥραν
752 2610 856 2680 σπείρειν.
889 2611 1030 2665 Sententia
1050 2628 1182 2680 expressa
1209 2613 1301 2666 hisce:

261 2707 325 2758 ὥστε
344 2705 433 2767 ἀσινέας
451 2705 499 2757 art.
520 2708 723 2761 continentibus
743 2725 790 2774 ea,
818 2725 887 2774 quae
908 2725 941 2761 ex
960 2709 1137 2776 praecedenti
1156 2711 1302 2766 enuntiato

262 2810 422 2873 sequuntur,
442 2807 582 2875 superflua
601 2811 643 2860 est
661 2805 760 2874 potius,
782 2823 865 2874 quam
885 2809 1052 2860 necessaria.
1074 2805 1170 2860 Omnis
1189 2807 1233 2860 vis
1252 2809 1302 2862 tri·

262 2904 354 2958 buitur
380 2905 471 2957 verbis
497 2906 593 2976 κομιδῆς
612 2906 632 2955 b.
653 2922 678 2955 π.
698 2923 719 2956 τ.
739 2904 809 2975 ὥρην.
847 2905 909 2958 Νοιι
936 2905 1003 2957 mibi
1029 2909 1122 2957 tamen
1143 2905 1197 2958 hoc
1215 2905 1300 2960 modo

263 3003 439 3070 explanatam
465 3004 696 3058 constructi0nem
722 3004 888 3071 praeferenti
907 3002 936 3054 in
956 3003 1048 3055 am'mo
1069 3007 1111 3056 est
1128 3019 1237 3070 negare,
1257 3021 1301 3073 με-

261 3098 339 3165 λήσειν
364 3101 511 3154 Baehrium
538 3101 607 3154 bene
633 3103 734 3154 referre
759 3101 794 3154 ad
821 3101 975 3154 subiectum
994 3099 1035 3166 τὴν
1053 3100 1116 3169 ὥρην
1135 3101 1189 3166 lta,
1216 3105 1247 3154 ut
1265 3101 1302 3156 sit

266 3214 365 3250 sensus
387 3198 455 3251 »sibi
473 3203 582 3266 tempus
602 3199 755 3267 (redeundi)
775 3216 858 3253 curae
877 3200 1000 3251 futurum
1020 3215 1096 3250 esse«
1129 3203 1155 3251 et
1180 3203 1238 3251 tum
1258 3218 1301 3250 κο-

262 3297 328 3365 μιδῆς
348 3297 369 3345 δ.
384 3313 408 3345 π.
428 3296 498 3349 verti
518 3296 617 3349 debere
639 3297 728 3363 »quod
747 3297 853 3351 adtinet
871 3296 907 3349 ad
926 3296 1060 3350 reditum«
1083 3297 1126 3360 (cf.
1141 3296 1240 3349 Herod.
1255 3298 1301 3351 IIII

263 3392 384 3459 10215.
412 3395 450 3446 De
470 3394 574 3462 republ.
594 3395 691 3448 Athen.
712 3395 760 3460 ΙΙΙ,
786 3394 861 3463 §1);
889 3393 924 3446 ad
944 3394 1177 3448 constructionem
1196 3392 1301 3472 μελήσειι

256 3485 325 3542 ’ὥστε
343 3491 536 3545 illustrandam
557 3493 659 3559 profert
678 3492 778 3545 Abicht
796 3492 886 3544 locum
907 3491 1094 3545 Herodoteum
1114 3491 1157 3556 IX,
1178 3492 1212 3544 72
1231 3491 1302 3560 μέλει

262 3606 301 3659 μοι
321 3586 364 3654 ὅτι,
384 3589 429 3642 cui
448 3589 549 3642 addam
569 3590 687 3642 alterum
706 3590 829 3657 Xenophi
846 3590 905 3657 Cyr.
921 3590 945 3655 6,
961 3591 985 3655 3,
1001 3589 1034 3642 19
1052 3586 1111 3639 πάνυ
1129 3607 1169 3659 μοι
1188 3586 1302 3658 ἐμέλησεν

262 3685 325 3736 ὥστε
343 3684 431 3737 εἰδέναι.
465 3686 519 3740 Sed
538 3686 622 3739 etiam
642 3686 863 3754 impersonaliter
881 3687 1050 3741 constructio
1070 3686 1154 3739 huius
1174 3687 1301 3740 enuntia-

262 3784 345 3838 tionis
365 3784 452 3853 accipi
471 3789 574 3852 potest:
600 3785 696 3853 κομιδῆς
715 3785 735 3834 δ.
756 3802 781 3834 π.
804 3785 893 3852 »quod
912 3785 947 3838 ad
968 3785 1087 3839 reditum
1107 3789 1238 3853 spectat«,
1259 3783 1301 3851 τὴν
1388 3833 1391 3838 .

263 3881 326 3951 ὥρην
344 3907 370 3925 =
389 3898 446 3935 acc.
467 3887 558 3950 temp,
578 3880 686 3951 μελήσειν
704 3881 766 3933 ὥστε
784 3880 832 3933 κτὲ.

224 3979 245 4044 ²)
265 3979 287 4033 II
306 3979 353 4045 98,
380 3979 492 4032 12-14.
530 3978 720 4046 Aristagorae,
746 3983 879 4046 tyrannus
898 3980 998 4041 Mileti,
1024 3980 1144 4047 legatum
1164 3979 1246 4032 mittit
1264 3979 1300 4033 ad

264 4077 403 4143 Paeonas,
429 4077 476 4144 qui
496 4077 523 4129 in
543 4081 708 4145 potestatem
733 4076 874 4143 Megabari
900 4075 1003 4130 redacti
1028 4077 1173 4144 Phrygiam
1199 4077 1299 4130 incole-

261 4174 341 4241 bant,
370 4181 399 4228 ut
423 4175 569 4228 consilium
594 4176 627 4228 iis
653 4174 796 4245 praeberet
821 4173 968 4226 occasione
995 4174 1058 4227 data
1084 4174 1239 4227 revertendi
1264 4175 1293 4227 in
