2918 4958
615 329 835 392 ,38-

156 542 224 606 sine
254 542 396 606 subiecto
427 546 616 622 usurpatum
650 545 833 604 constanter
864 538 1005 603 dativum
1040 539 1173 602 subiecti
1207 539 1299 619 logici

153 658 327 724 adsciscat.
358 663 394 719 ut
421 656 547 734 Madvig
578 674 763 720 asseverare
793 655 925 735 videtur,
957 654 994 717 cf.
1020 653 1155 717 Thucl
1187 656 1246 737 93,
1279 657 1300 719 3

152 779 282 860 ὑπῆρκτο
307 772 351 856 (=
374 774 393 858 η
418 768 495 858 ἀρχὴ
520 770 688 858 ἐπεποίητο)
714 761 739 832 δ’
765 774 855 832 αὐτοῦ
878 769 1015 857 πρότερον
1038 771 1117 847 aas,
1143 770 1154 831 Ι
1181 770 1254 852 124,
1282 772 1297 834 1

153 891 321 976 νομίσαντες
345 889 372 960 ἐς
397 885 529 975 ἀνάγκην
553 886 701 974 ἀφῖχθαι,
735 887 787 950 Vll
812 887 870 968 75,
904 887 923 949 6
948 885 975 958 ἐς
998 886 1059 947 οἵαν
1081 881 1226 972 τελευτὴν
1250 888 1301 948 καὶ

157 1003 356 1091 ταπεινότητα
379 1005 486 1091 ἀφῖκτο
509 1011 539 1068 et
563 1004 642 1067 Xen.
668 1003 787 1082 Vectig.
816 1003 842 1081 1,
869 1003 896 1064 1.

260 1120 448 1184 Locutiones
479 1118 690 1198 HerodoteaS‚
722 1137 804 1198 quae
837 1117 897 1180 huc
930 1116 1104 1198 pertinent,
1135 1116 1302 1181 divisimus

153 1237 184 1298 in
209 1235 289 1299 duas
313 1241 437 1317 partes:
454 1234 499 1316 A)
523 1237 613 1297 Actio
638 1239 693 1296 aut
717 1239 819 1297 status
843 1233 971 1314 quidam
995 1232 1180 1313 exprimitur
1204 1233 1301 1296 abso-

154 1352 228 1415 lute.
276 1351 321 1434 B)
359 1351 543 1415 Subiectum
577 1350 712 1428 logicum
748 1350 876 1434 ponitur
910 1350 941 1411 in
976 1347 1061 1411 nudo
1100 1347 1208 1411 dativo
1245 1355 1303 1412 aut

155 1468 186 1529 in
222 1486 299 1530 casu
336 1487 355 1531 a
390 1466 624 1548 praepositione
658 1485 822 1546 suspenso.
869 1467 901 1527 ln
938 1463 1159 1528 enumerandis
1194 1465 1303 1528 verbis

157 1583 299 1646 ordinem
323 1582 484 1665 alphabeti
508 1600 683 1646 servamus

704 1741 744 1803 A.

262 1866 296 1949 o)
321 1866 522 1948 βεβούλευται,
547 1865 600 1928 Vll
620 1851 690 1947 103,
715 1866 734 1928 7
753 1865 944 1946 βεβούλευται
968 1863 1020 1952 μὲν
1043 1854 1127 1926 οὐδὲν
1150 1857 1239 1952 ἧσσον
1259 1858 1299 1929 εὖ.

262 1982 292 2065 b)
315 1980 516 2070 προελήλατο,
548 1984 590 2044 IX
614 1985 666 2062 44,
691 1982 710 2043 3
737 1987 775 2054 ὡς
800 1971 831 2043 δὲ
854 1980 952 2069 πρόσω
974 1989 1027 2067 της
1050 1980 1153 2053 νυκτὸς
1176 1979 1304 2069 προελη-

154 2102 230 2160 λατο
258 2119 347 2162 »ουοι
373 2100 508 2162 multum
532 2098 632 2162 noctis
657 2100 893 2178 processisset«.
927 2096 972 2160 Cf.
998 2097 1124 2160 Sallust.
1149 2095 1224 2176 Jug.
1250 2098 1305 2181 21,

156 2215 185 2295 2,
216 2215 270 2276 ubi
302 2215 485 2295 plerumque
516 2212 617 2276 noctis
643 2214 803 2293 processit.
851 2213 1033 2276 Subiectum
1058 2211 1110 2274 hio
1133 2212 1236 2292 deest,
1268 2220 1305 2277 ut

157 2330 254 2411 (Her.)
280 2330 303 2391 11
332 2330 390 2392 121
417 2335 455 2401 ὡς
480 2317 511 2389 δὲ
527 2328 624 2414 πρόσει
640 2321 674 2414 ἦν
690 2335 743 2414 τῆς
759 2327 869 2400 νυκτός.
895 2328 1042 2392 Similiter
1066 2327 1254 2391 Heliodorus
1272 2330 1305 2392 in

156 2445 327 2525 Aethiopi
356 2446 395 2508 14
415 2444 487 2506 τότε
510 2443 566 2532 γὰρ
590 2444 665 2505 πολὺ
688 2451 741 2531 τῆς
765 2444 866 2516 νυκτὸς
889 2442 1007 2530 προέβη.
1032 2444 1118 2506 Raro
1142 2443 1186 2506 ita
1209 2463 1305 2508 usur—

156 2567 250 2642 patur
275 2581 303 2622 v.
328 2559 523 2648 προελήλατο,
557 2561 609 2624 alii
632 2561 820 2644 scriptores,
856 2564 892 2622 ut
914 2565 999 2623 recte
1022 2559 1205 2622 observavit
1227 2559 1305 2624 Val-

157 2675 301 2756 ckenaer,
334 2677 375 2739 ad
399 2676 533 2739 eandem
557 2696 623 2740 rem
648 2677 884 2756 exprimendam
911 2680 1043 2738 utuntur
1073 2674 1305 2741 locutionibus:

155 2794 267 2876 πολλης
290 2789 402 2869 νυκτός,
427 2792 490 2877 περὶ
514 2790 602 2876 μέσας
625 2790 739 2868 νύκτας,
766 2790 907 2876 μεσούσης
931 2790 1033 2862 νυκτός
1057 2791 1125 2852 sim.

263 2912 291 2982 o)
314 2906 445 2986 καίεται,
479 2907 503 2967 11
527 2907 584 2988 62,
615 2908 656 2971 10
679 2908 728 2968 καὶ
752 2910 827 2967 οὕτω
852 2909 906 2967 οὐκ
930 2907 959 2968 ἐν
982 2903 1036 2966 Σάι
1060 2905 1149 2994 μούνη
1175 2908 1303 2994 καίεται,

157 3022 237 3083 ἀλλὰ
260 3023 310 3084 καὶ
334 3021 390 3083 ἀνα
412 3031 509 3084 πᾶσαν
535 3019 693 3110 Αἴγυπτον.

262 3139 298 3217 d)
320 3136 457 3225 λέγεται,
491 3138 532 3200 IV
560 3140 630 3220 110,
665 3140 680 3202 1
707 3135 921 3225 Σαυροματέων
946 3127 977 3199 δὲ
1000 3136 1063 3224 πέρι
1087 3126 1145 3199 ὧδε
1167 3135 1303 3226 λέγεται.

263 3256 292 3337 ε)
317 3243 498 3315 διελέλειπτο
521 3274 607 3318 »war
623 3255 672 3319 ein
689 3254 946 3318 Zwischenraum
969 3254 1128 3330 gelassem
1150 3255 1303 3334 Krueger.

157 3370 208 3432 Vll
232 3371 291 3450 40,
324 3373 405 3453 ὁπῇ
439 3359 471 3430 δὲ
503 3371 688 3456 ὑπερημίσεες
719 3363 800 3455 ἦσαν,
834 3369 968 3430 ἐνθαῦτα
992 3359 1172 3431 διελέλειπτο
1196 3371 1247 3430 καὶ
1270 3375 1305 3433 οὐ

156 3483 325 3571 συνέμισγον
348 3476 428 3545 οὗτοι
453 3484 573 3563 βασιλέι.
598 3485 651 3548 Vll
675 3487 727 3566 41,
756 3489 794 3548 14
819 3483 897 3570 μετὰ
920 3473 952 3544 δὲ
975 3481 1029 3570 την
1052 3488 1139 3545 ἵππον
1163 3474 1305 3548 διελέλει-

155 3622 213 3661 πτο
227 3600 251 3680 ¹)
277 3600 326 3662 καὶ
352 3589 403 3660 δύο
427 3588 560 3672 σταδίους
583 3601 632 3662 καὶ
657 3605 757 3662 ἔπειτα
780 3603 795 3660 ὁ
819 3599 917 3670 λοιπός
940 3599 1038 3685 ὅμιλος
1060 3597 1104 3685 ἤιε
1129 3595 1244 3686 ἀναμίξ.

223 3881 242 3947 ¹)
262 3879 368 3946 111141,
391 3878 425 3930 14
443 3877 594 3948 διελελειπτο]
615 3879 712 3930 διελειπε
730 3880 803 3944 PRS,
830 3878 927 3930 διέλειπέ
945 3898 971 3930 τε
988 3879 1052 3932 ABd
1072 3877 1193 3947 (διελείπτε
1211 3896 1237 3929 τε
1256 3878 1303 3949 C);

262 3982 335 4031 recte
362 3978 481 4031 correxit
507 3977 674 4045 Schweigh:
699 3976 841 4028 διελελειπτο
861 3982 887 4030 et
907 3977 1044 4044 plerisque
1069 3976 1220 4031 editoribus
1240 3993 1302 4044 per-

263 4076 358 4129 suasit.
381 4075 567 4144 Plusquampf.
588 4076 711 4143 postulat
729 4075 799 4129 ratio
819 4075 971 4144 syntactica
991 4074 1032 4142 (ci.
1053 4074 1117 4126 ibid.
1138 4090 1163 4127 v.
1186 4074 1219 4126 13
1239 4077 1303 4132 τοῖσι

265 4171 290 4224 δὲ
315 4173 416 4244 μυρίοισι
440 4171 580 4225 ἐπετέτακτο
603 4172 674 4234 ἵππος
694 4212 700 4223 .
721 4211 727 4223 .
747 4211 753 4223 .
774 4190 833 4241 cap.
855 4173 897 4238 40,
922 4171 946 4224 ὃ.
968 4171 1028 4236 lb).
1068 4171 1144 4240 lmpi.
1164 4169 1301 4241 διελείπετο,

264 4271 338 4340 quod
358 4273 461 4342 recepit
480 4272 508 4327 in
528 4277 631 4327 textum
652 4272 789 4338 Sclraeler,
811 4269 944 4339 displicet.
978 4268 1054 4322 Stein
1072 4268 1165 4321 minus
1186 4267 1303 4324 leliciter
